@book{taocpv1,
	AUTHOR			= "{Knuth, D.E.}",
	TITLE			= "{The Art of Computer Programming Volume 1 - Fundamental Algorithms}",
	EDITION			= "Third",
	PUBLISHER		= "{Addison-Wesley}",
	ISBN			= "978-0-201-89683-1",
	YEAR			= 1997,
}

@book{mmix-buch,
	TITLE			= "{Das MMIX-Buch - Ein praxisnaher Zugang zur Informatik}",
	AUTHOR			= "{Heidi~Anlauff and Axel~Böttcher and Martin~Ruckert}",
	PUBLISHER		= "{Springer-Verlag}",
	ISBN			= "3-540-42408-3",
	YEAR			= 2002
}

@book{mmix-ware-book,
	TITLE			= "{MMIXware: a RISC computer for the third millennium}",
	AUTHOR			= "{Knuth, D.E.}",
	ISBN			= {9783540669388},
	LCCN			= {99088774},
	SERIES			= "{Lecture notes in computer science}",
	URL				= "{http://books.google.de/books?id=RJmYNq0KQnQC}",
	YEAR			= {1999},
	PUBLISHER		= "{Springer}"
}

@misc{taocpf1,
	TITLE			= "{The Art of Computer Programming - Fascicle 1 - MMIX}",
	AUTHOR			= "{Knuth, D.E.}",
	HOWPUBLISHED	= "\url{http://www-cs-faculty.stanford.edu/~knuth/fasc1.ps.gz}",
	LASTCHECKED		= {05/12/2011}
}

@misc{mmix-sim,
	TITLE			= "{MMIX-SIM}",
	AUTHOR			= "{Knuth, D.E.}",
	HOWPUBLISHED	= "\url{http://www-cs-faculty.stanford.edu/~uno/programs/mmix-20110305.tar.gz}",
	LASTCHECKED		= {05/05/2011}
}

@misc{mmix-doc,
	TITLE			= "{Definition of architecture details}",
	AUTHOR			= "{Knuth, D.E.}",
	HOWPUBLISHED	= "\url{http://www-cs-faculty.stanford.edu/~uno/programs/mmix-20110305.tar.gz}",
	LASTCHECKED		= {04/16/2011}
}

@misc{mmix-ware,
	TITLE			= "{MMIXware: the simple simulator, assembler, test programs, and full documentation, plus the meta-simulator}",
	HOWPUBLISHED	= "\url{http://www-cs-faculty.stanford.edu/~uno/programs/mmix-20110305.tar.gz}",
	LASTCHECKED		= {04/16/2011}
}

@misc{ia32-sdmv2a,
	TITLE			= "{Intel® 64 and IA-32 Architectures Software Developer’s Manual Volume 2A: Instruction Set Reference, A-M}",
	HOWPUBLISHED	= "\url{http://www.intel.com/Assets/PDF/manual/253666.pdf}",
	LASTCHECKED		= {04/20/2011}
}

@misc{divmod,
	TITLE			= "{Division and Modulus for Computer Scientists}",
	AUTHOR			= "{Leijen, Daan}",
	HOWPUBLISHED	= "\url{http://research.microsoft.com/en-us/um/people/daan/download/papers/divmodnote-letter.pdf}",
	LASTCHECKED		= {04/20/2011}
}

@misc{llgccext,
	TITLE			= "{GNU C Language Extensions}",
	HOWPUBLISHED	= "\url{http://tigcc.ticalc.org/doc/gnuexts.html#SEC72}",
	LASTCHECKED		= {04/26/2011}
}

@misc{uint64t,
	TITLE			= "{Ubuntu Manpage: stdint.h - integer types}",
	HOWPUBLISHED	= "\url{http://manpages.ubuntu.com/manpages/maverick/man7/stdint.h.7posix.html}",
	LASTCHECKED		= {04/26/2011}
}

@misc{c99supp,
	TITLE			= "{C99 - Implementations}",
	HOWPUBLISHED	= "\url{http://en.wikipedia.org/w/index.php?title=C99&oldid=425924364#Implementations}",
	LASTCHECKED		= {04/26/2011}
}

@misc{gccrel,
	TITLE			= "{GCC Releases}",
	HOWPUBLISHED	= "\url{http://gcc.gnu.org/releases.html}",
	LASTCHECKED		= {04/26/2011}
}

@misc{gcc30c99,
	TITLE			= "{Status of C99 features in GCC 3.0}",
	HOWPUBLISHED	= "\url{http://gcc.gnu.org/gcc-3.0/c99status.html}",
	LASTCHECKED		= {04/26/2011}
}

@misc{c99std,
	TITLE			= "{ISO/IEC 9899:TC3 - Committee Draft - September 7, 2007}",
	HOWPUBLISHED	= "\url{http://www.open-std.org/jtc1/sc22/WG14/www/docs/n1256.pdf}",
	LASTCHECKED		= {04/29/2011}
}

@misc{eco32,
	TITLE			= "{ECO32 Project Homepage}",
	HOWPUBLISHED	= "\url{http://homepages.fh-giessen.de/~hg53/eco32/}",
	LASTCHECKED		= {05/05/2011}
}

@misc{treap,
	TITLE			= "{Treap}",
	HOWPUBLISHED	= "\url{http://en.wikipedia.org/w/index.php?title=Treap&oldid=422108088}",
	LASTCHECKED		= {05/05/2011}
}

@misc{ruby,
	TITLE			= "{Ruby (programming language)}",
	HOWPUBLISHED	= "\url{http://en.wikipedia.org/w/index.php?title=Ruby_(programming_language)&oldid=427150299}",
	LASTCHECKED		= {05/09/2011}
}

@misc{php-intwidth,
	TITLE			= "{PHP: Integers - Manual}",
	HOWPUBLISHED	= "\url{http://www.php.net/manual/en/language.types.integer.php}",
	LASTCHECKED		= {05/09/2011}
}

@misc{ieee754,
	TITLE			= "{IEEE Standard for Binary Floating-Point Arithmetic}",
	HOWPUBLISHED	= "\url{http://kfe.fjfi.cvut.cz/~klimo/nm/ieee754.pdf}",
	LASTCHECKED		= {05/09/2011}
}

@misc{gcov,
	TITLE			= "{Gcov intro - Using the GNU Compiler Collection (GCC)}",
	HOWPUBLISHED	= "\url{http://gcc.gnu.org/onlinedocs/gcc/Gcov-Intro.html}",
	LASTCHECKED		= {05/09/2011}
}

@misc{binutils,
	TITLE			= "{GNU Binutils}",
	HOWPUBLISHED	= "\url{http://www.gnu.org/software/binutils/}",
	LASTCHECKED		= {05/11/2011}
}

@misc{newlib,
	TITLE			= "{The Newlib Homepage}",
	HOWPUBLISHED	= "\url{http://www.sourceware.org/newlib}",
	LASTCHECKED		= {05/11/2011}
}

@misc{lcc,
	TITLE			= "{lcc, A Retargetable Compiler for ANSI C}",
	HOWPUBLISHED	= "\url{http://sites.google.com/site/lccretargetablecompiler/}",
	LASTCHECKED		= {05/11/2011}
}

@misc{gltaocp,
	TITLE			= "{The Art of Computer Programming}",
	HOWPUBLISHED	= "\url{http://en.wikipedia.org/w/index.php?title=The_Art_of_Computer_Programming&oldid=424138281}",
	LASTCHECKED		= {05/12/2011}
}

@misc{gnumdk,
	TITLE			= "{GNU MDK, Revised First Edition}",
	HOWPUBLISHED	= "\url{http://shop.fsf.org/product/gnu-mdk}",
	LASTCHECKED		= {05/12/2011}
}

@misc{gldonknuth,
	TITLE			= "{Donald Knuth}",
	HOWPUBLISHED	= "\url{http://en.wikipedia.org/w/index.php?title=Donald_Knuth&oldid=428319430}",
	LASTCHECKED		= {05/12/2011}
}

@misc{gltex,
	TITLE			= "{TeX Frequently Asked Questions}",
	HOWPUBLISHED	= "\url{http://www.tex.ac.uk/cgi-bin/texfaq2html?label=whatTeX}",
	LASTCHECKED		= {05/14/2011}
}

@misc{glfmc,
	TITLE			= "{FMC - Quick Introduction to Fundamental Modeling Concepts}",
	HOWPUBLISHED	= "\url{http://www.fmc-modeling.org/quick-intro}",
	LASTCHECKED		= {05/14/2011}
}

@misc{glxterm,
	TITLE			= "{XTERM(1) manual page}",
	HOWPUBLISHED	= "\url{http://www.xfree86.org/current/xterm.1.html}",
	LASTCHECKED		= {05/06/2011}
}

@misc{glebnf,
	TITLE			= "{Extended Backus-Naur Form}",
	HOWPUBLISHED	= "\url{http://en.wikipedia.org/w/index.php?title=Extended_Backus%E2%80%93Naur_Form&oldid=419163293}",
	LASTCHECKED		= {05/14/2011}
}

@misc{glflex,
	TITLE			= "{flex: The Fast Lexical Analyzer}",
	HOWPUBLISHED	= "\url{http://flex.sourceforge.net}",
	LASTCHECKED		= {05/14/2011}
}

@misc{glbison,
	TITLE			= "{Bison - GNU parser generator}",
	HOWPUBLISHED	= "\url{http://www.gnu.org/software/bison}",
	LASTCHECKED		= {05/14/2011}
}

@misc{glast,
	TITLE			= "{Abstract syntax tree}",
	HOWPUBLISHED	= "\url{http://en.wikipedia.org/w/index.php?title=Abstract_syntax_tree&oldid=426689149}",
	LASTCHECKED		= {05/14/2011}
}

@misc{gldiff,
	TITLE			= "{diff(1) - Linux man page}",
	HOWPUBLISHED	= "\url{http://linux.die.net/man/1/diff}",
	LASTCHECKED		= {05/14/2011}
}

@misc{glruby,
	TITLE			= "{Ruby Programming Language}",
	HOWPUBLISHED	= "\url{http://www.ruby-lang.org/en}",
	LASTCHECKED		= {05/14/2011}
}

@misc{glphp,
	TITLE			= "{PHP: Hypertext Preprocessor}",
	HOWPUBLISHED	= "\url{http://www.php.net}",
	LASTCHECKED		= {05/14/2011}
}

@misc{glgcc,
	TITLE			= "{GNU Compiler Collection}",
	HOWPUBLISHED	= "\url{http://en.wikipedia.org/w/index.php?title=GNU_Compiler_Collection&oldid=426957812}",
	LASTCHECKED		= {05/14/2011}
}

@misc{glgdb,
	TITLE			= "{GDB: The GNU Project Debugger}",
	HOWPUBLISHED	= "\url{http://www.gnu.org/software/gdb}",
	LASTCHECKED		= {05/14/2011}
}

@misc{glcisc,
	TITLE			= "{Complex instruction set computing}",
	HOWPUBLISHED	= "\url{http://en.wikipedia.org/w/index.php?title=Complex_instruction_set_computing&oldid=421524452}",
	LASTCHECKED		= {05/14/2011}
}

@misc{glrisc,
	TITLE			= "{Reduced instruction set computing}",
	HOWPUBLISHED	= "\url{http://en.wikipedia.org/w/index.php?title=Reduced_instruction_set_computing&oldid=427914688}",
	LASTCHECKED		= {05/14/2011}
}

@misc{glpipe,
	TITLE			= "{Instruction pipeline}",
	HOWPUBLISHED	= "\url{http://en.wikipedia.org/w/index.php?title=Instruction_pipeline&oldid=425081992}",
	LASTCHECKED		= {05/15/2011}
}

@misc{glc89,
	TITLE			= "{ANSI C}",
	HOWPUBLISHED	= "\url{http://en.wikipedia.org/w/index.php?title=ANSI_C&oldid=425328214}",
	LASTCHECKED		= {05/15/2011}
}

@misc{glc99,
	TITLE			= "{C99}",
	HOWPUBLISHED	= "\url{http://en.wikipedia.org/w/index.php?title=C99&oldid=428474931}",
	LASTCHECKED		= {05/15/2011}
}

@misc{glunit,
	TITLE			= "{Unit testing}",
	HOWPUBLISHED	= "\url{http://en.wikipedia.org/w/index.php?title=Unit_testing&oldid=427435117}",
	LASTCHECKED		= {05/15/2011}
}

@misc{glendianness,
	TITLE			= "{Endianness}",
	HOWPUBLISHED	= "\url{http://en.wikipedia.org/w/index.php?title=Endianness&oldid=433505641}",
	LASTCHECKED		= {06/11/2011}
}

